

@incollection{Litak2014,
  address =       {Dordrecht},
  author =        {Litak, Tadeusz},
  booktitle =     {Leo Esakia on Duality in Modal and Intuitionistic
                   Logics},
  editor =        {Bezhanishvili, Guram},
  pages =         {43--62},
  publisher =     {Springer Netherlands},
  series =        {Outstanding Contributions to Logic},
  title =         {Constructive Modalities with Provability Smack},
  volume =        {4},
  year =          {2014},
  doi =           {10.1007/978-94-017-8860-1},
  isbn =          {978-94-017-8859-5},
}

@article{Visser2019,
  author =        {Visser, Albert and Zoethout, Jetze},
  journal =       {Annals of Pure and Applied Logic},
  month =         jun,
  number =        {6},
  pages =         {718--753},
  publisher =     {Elsevier B.V.},
  title =         {Provability logic and the completeness principle},
  volume =        {170},
  year =          {2019},
  doi =           {10.1016/j.apal.2019.02.001},
  issn =          {01680072},
}

@incollection{Beklemishev2006,
  address =       {New York},
  author =        {Beklemishev, Lev and Visser, Albert},
  booktitle =     {Mathematical Problems from Applied Logic I},
  pages =         {77--136},
  publisher =     {Springer-Verlag},
  title =         {Problems in the Logic of Provability},
  year =          {2006},
  doi =           {10.1007/0-387-31072-X_2},
}

@inproceedings{Kavvos2017,
  author =        {Kavvos, G. Alex},
  booktitle =     {2017 32nd Annual ACM/IEEE Symposium on Logic in
                   Computer Science (LICS)},
  month =         jun,
  pages =         {1--12},
  publisher =     {IEEE},
  title =         {Dual-context calculi for modal logic},
  volume =        {4},
  year =          {2017},
  doi =           {10.1109/LICS.2017.8005089},
  isbn =          {978-1-5090-3018-7},
  issn =          {10436871},
}

@article{Kavvos2020,
  author =        {Kavvos, G. Alex},
  journal =       {Logical Methods in Computer Science},
  number =        {3},
  pages =         {10:1--10:66},
  title =         {Dual-context calculi for modal logic},
  volume =        {16},
  year =          {2020},
  doi =           {10.23638/LMCS-16(3:10)2020},
  isbn =          {9781509030187},
  issn =          {10436871},
}

@article{Shamkanov2014,
  author =        {Shamkanov, Daniyar S.},
  journal =       {Mathematical Notes},
  month =         sep,
  number =        {3-4},
  pages =         {575--585},
  title =         {Circular proofs for the {G}{\"{o}}del-{L}{\"{o}}b
                   provability logic},
  volume =        {96},
  year =          {2014},
  doi =           {10.1134/S0001434614090326},
  issn =          {0001-4346},
}

@article{Shamkanov2016a,
  author =        {Shamkanov, Daniyar S.},
  journal =       {Sbornik: Mathematics},
  month =         sep,
  number =        {9},
  pages =         {1344--1360},
  title =         {A realization theorem for the
                   {G}{\"{o}}del-{L}{\"{o}}b provability logic},
  volume =        {207},
  year =          {2016},
  doi =           {10.1070/SM8667},
  issn =          {1064-5616},
}

@inproceedings{Escardo2017a,
  address =       {Dagstuhl, Germany},
  author =        {Escard{\'{o}}, Mart{\'{i}}n H and Knapp, Cory M},
  booktitle =     {26th EACSL Annual Conference on Computer Science
                   Logic (CSL 2017)},
  editor =        {Goranko, Valentin and Dam, Mads},
  number =        {21},
  pages =         {21:1----21:16},
  publisher =     {Schloss Dagstuhl--Leibniz-Zentrum fuer Informatik},
  series =        {Leibniz International Proceedings in Informatics
                   (LIPIcs)},
  title =         {Partial Elements and Recursion via Dominances in
                   Univalent Type Theory},
  volume =        {82},
  year =          {2017},
  doi =           {10.4230/LIPIcs.CSL.2017.21},
  isbn =          {978-3-95977-045-3},
  issn =          {1868-8969},
}

@phdthesis{Knapp2018,
  author =        {Knapp, Cory M.},
  school =        {University of Birmingham},
  type =          {Doctoral Thesis},
  title =         {Partial Functions and Recursion in Univalent Type
                   Theory},
  year =          {2018},
}

@article{Mogelberg2019a,
  author =        {M{\o}gelberg, Rasmus Ejlers and
                   Veltri, Niccol{\`{o}}},
  journal =       {Proceedings of the ACM on Programming Languages},
  month =         jan,
  number =        {POPL},
  pages =         {1--29},
  title =         {Bisimulation as path type for guarded recursive
                   types},
  volume =        {3},
  year =          {2019},
  doi =           {10.1145/3290317},
  issn =          {2475-1421},
}

@inproceedings{Veltri2020,
  address =       {New York, NY, USA},
  author =        {Veltri, Niccol{\`{o}} and Vezzosi, Andrea},
  booktitle =     {Proceedings of the 9th ACM SIGPLAN International
                   Conference on Certified Programs and Proofs},
  month =         jan,
  pages =         {270--283},
  publisher =     {ACM},
  title =         {Formalizing $\pi$-calculus in guarded cubical Agda},
  year =          {2020},
  doi =           {10.1145/3372885.3373814},
  isbn =          {9781450370974},
}

@incollection{Kavvos2017b,
  author =        {Kavvos, G. Alex},
  booktitle =     {Foundations of Software Science and Computation
                   Structures. FoSSaCS 2017},
  editor =        {Esparza, Javier and Murawski, Andrzej S.},
  pages =         {550--566},
  publisher =     {Springer, Berlin, Heidelberg},
  series =        {Lecture Notes in Computer Science},
  title =         {On the Semantics of Intensionality},
  volume =        {10203},
  year =          {2017},
  doi =           {10.1007/978-3-662-54458-7_32},
  isbn =          {9783662544587},
}

@article{Davies2001b,
  author =        {Davies, Rowan and Pfenning, Frank},
  journal =       {Journal of the ACM},
  month =         may,
  number =        {3},
  pages =         {555--604},
  title =         {A modal analysis of staged computation},
  volume =        {48},
  year =          {2001},
  doi =           {10.1145/382780.382785},
  issn =          {00045411},
}

